%% This BibTeX bibliography file was created using BibDesk.
%% https://bibdesk.sourceforge.io/

%% Created for Hugo Ledoux at 2022-11-14 10:05:41 +0100 


%% Saved with string encoding Unicode (UTF-8) 



@book{terrainbook,
	author = {Ledoux, Hugo and Arroyo Ohori, Ken and Peters, Ravi and Pronk, Maarten},
	date-modified = {2022-11-14 10:04:38 +0100},
	publisher = {Self-published},
	title = {Computational modelling of terrains},
	year = {2022}}
